@article{Nature_444,
author={M.Meschke, W.Guichard and J.P.Pekola},
year={2006},
journal={Nature},
number={444},
pages={187},
}

@article{PRL_102_200801,
journal={Physical Review Letter},
year={2009},
author={A.V.Timofeev, M.Helle, M.Meschke and J.P.Pekola},
number={102},
}

@article{epitaxie,
journal={Nature Materials},
year={2015},
author={P. Krogstrup and N.L.B. Ziino and S.M. Albretch and M.H. Madsen and E. Johnson and J. Nygard C.M. Marcus and T.S. Jespersen},
},
 
@phdthesis{Andreev,
year={2014},
author={Ville F. Maisi},
title={Andreev tunneling and quasiparticle excitations in mesoscopic normal metal $-$ superconductor structures},
},

@article{ampere,
year={2013},
author={J.P. Pekola and O.P. Saira and V.F. Maisi and A. Kemppinen and M. Möttönen},
title={Single-electron current sources: Toward a refined definition of the ampere},
journal={Review of Modern Physics 85},
},

@article{statistics,
year={2015},
author={D. Gobulev and J.P. Pekola},
title={Statistics of heat exchange between two resistors},
},

