@article{Nature_444,
author={M.Meschke, W.Guichard and J.P.Pekola},
year={2006},
journal={Nature},
number={444},
pages={187},
}

@article{PRL_102_200801,
journal={Physical Review Letter},
year={2009},
author={A.V.Timofeev, M.Helle, M.Meschke and J.P.Pekola},
number={102},
},

@article{epitaxie,
journal={Nature Materials},
year={2015},
author={P. Krogstrup and N.L.B. Ziino and S.M. Albretch and M.H. Madsen and E. Johnson and J. Nygard C.M. Marcus and T.S. Jespersen},
},
 
@phdthesis{Andreev,
year={2014},
author={Ville F. Maisi},
title={Andreev tunneling and quasiparticle excitations in mesoscopic normal metal $-$ superconductor structures},
},

@article{ampere,
year={2013},
author={J.P. Pekola and O.P. Saira and V.F. Maisi and A. Kemppinen and M. Möttönen},
title={Single-electron current sources: Toward a refined definition of the ampere},
journal={Review of Modern Physics 85},
},

@article{statistics,
year={2015},
author={D. Gobulev and J.P. Pekola},
title={Statistics of heat exchange between two resistors},
},

@book{Tinkham,
year={1996},
author={M. Tinkham},
title={Introduction to Superconductivity},
publisher={McGraw Hill},
}

@article{BCS,
year={1957},
author={J. Bardeenn and L. N. Coopeer and J. R. Schieffer},
title={Theory of Superconductivity},
journal={Phys. Rev. 108-5},
}

@article{NIS_thermo,
year={2006},
author={F. Giazotto and Tero T. Heikkilä and A. Luukanen and A. M. Savin and J. P. Pekola},
title={Opportunities for mesoscopics in thermometry and refrigeration: Physics and applications},
journal={Rev. Mod. Phys},
},

@article{EBL_theory,
year={2012},
author={M.A. Mohammad and M. Muhammad and S.K. Dew and M. Stepanova},
title={Fundamentals of Electron Beam Exposure and Development},
journal={Springer},
},

@article{Dynes_DOS,
year={1984},
author={R.C. Dynes and J.P. Garno},
title={Tunneling study of superconductivity near the metal-insulator tranistion},
journal={Phys. Rev. Lett. 53-25},
},

@manual{Datasheet,
organization={MicroChem},
title={NanoPMMA and copolymer},
year={2001},
},

@phdthesis{methylglycol,
title={Cooling and heat transport in low dimensional phonon systems, superconductors and silicon},
year={2012},
author={J. Muhonen},
},

@article{fridge,
title={Hitchhiker’s Guide to the Dilution Refrigerator},
year={2004},
author={N. Craig and T. Lester},
},

@article{NISjunctions,
title={Physics and Applications of NIS Junctions},
author={J.N. Ullom},
year={2001},
},

@article{Giaever,
title={Energy Gap in Superconductors Measured by Electron Tunneling},
author={I. Giaever},
journal={Phys. Rev. Lett. 5, 147},
year={1960},
},
