@article{Nature_444,
author={M.Meschke, W.Guichard and J.P.Pekola},
year={2006},
journal={Nature},
number={444},
pages={187},
}

@article{PRL_102_200801,
journal={Physical Review Letter},
year={2009},
author={A.V.Timofeev, M.Helle, M.Meschke and J.P.Pekola},
number={102},
}

@article{epitaxie,
journal={Nature Materials},
year={2015},
author={P. Krogstrup and N.L.B. Ziino and S.M. Albretch and M.H. Madsen and E. Johnson and J. Nygard C.M. Marcus and T.S. Jespersen},
title={\href{http://arxiv.org/pdf/1411.6254}{Epitaxy of semiconductor-superconductor nanowires}},
},
 
@phdthesis{Andreev,
year={2014},
author={Ville F. Maisi},
title={Andreev tunneling and quasiparticle excitations in mesoscopic normal metal $-$ superconductor structures},
},

@article{ampere,
year={2013},
author={J.P. Pekola and O.P. Saira and V.F. Maisi and A. Kemppinen and M. Möttönen},
title={\href{http://arxiv.org/pdf/1208.4030v2}{Single-electron current sources: Toward a refined definition of the ampere}},
journal={Review of Modern Physics 85},
},

@article{statistics,
year={2015},
author={D. Gobulev and J.P. Pekola},
title={\href{http://arxiv.org/pdf/1502.07221v1}{Statistics of heat exchange between two resistors}},
},

@article{EBL_theory,
year={2012},
author={M.A. Mohammad and M. Muhammad and S.K. Dew and M. Stepanova},
title={\href{http://www.springer.com/978-3-7091-0423-1}{Fundamentals of Electron Beam Exposure and Development}},
journal={Springer},
},

@article{NIS_thermo,
year={2006},
author={GFrancesco Giazotto and Tero T. Heikkilä and Arttu Luukanen and Alexander M. Savin and Jukka P. Pekola},
title={\href{http://journals.aps.org/rmp/pdf/10.1103/RevModPhys.78.217}{Opportunities for mesoscopics in thermometry and refrigeration: Physics and applications}},
journal={Rev. Mod. Phys},
},

